@article{1949chess,
  title     = {XXII. Programming a computer for playing chess},
  author    = {Shannon, Claude E},
  journal   = {The London, Edinburgh, and Dublin Philosophical Magazine and Journal of Science},
  volume    = {41},
  number    = {314},
  pages     = {256--275},
  year      = {1950},
  publisher = {Taylor \& Francis}
}

@article{2010langreport,
  title   = {{H}askell 2010 language report},
  author  = {Marlow, Simon and others},
  journal = {Available on: https://www.haskell.org/onlinereport/haskell2010},
  year    = {2010}
}

@inproceedings{aplite,
  title     = {High-performance client-side web applications through {H}askell {EDSL}s},
  author    = {Ekblad, Anton},
  booktitle = {Proceedings of the 9th International Symposium on {H}askell},
  pages     = {62--73},
  year      = {2016}
}

@inproceedings{badjavaexceptions,
  title        = {How developers use exception handling in {J}ava?},
  author       = {Asaduzzaman, Muhammad and Ahasanuzzaman, Muhammad and Roy, Chanchal K and Schneider, Kevin A},
  booktitle    = {2016 IEEE/ACM 13th Working Conference on Mining Software Repositories (MSR)},
  pages        = {516--519},
  year         = {2016},
  organization = {IEEE}
}

@article{bioshake,
  title     = {{BioShake}: a {H}askell {EDSL} for bioinformatics workflows},
  author    = {Bed{\H{o}}, Justin},
  journal   = {PeerJ},
  volume    = {7},
  pages     = {e7223},
  year      = {2019},
  publisher = {PeerJ Inc.}
}

@inproceedings{bitandccr,
  title        = {A Hybrid Approach to Representing Chessboard using Bitboard and Compact Chessboard Representation},
  author       = {Bimonugroho, Sigit Kariagil and Maulidevi, Nur Ulfa},
  booktitle    = {IOP Conference Series: Materials Science and Engineering},
  volume       = {803},
  number       = {1},
  pages        = {012018},
  year         = {2020},
  organization = {IOP Publishing}
}

@article{bitboard,
  title     = {How {DarkThought} plays chess},
  author    = {Heinz, Ernst A},
  journal   = {ICGA Journal},
  volume    = {20},
  number    = {3},
  pages     = {166--176},
  year      = {1997},
  publisher = {IOS Press}
}

@article{cardellitypes,
  title     = {Type systems},
  author    = {Cardelli, Luca},
  journal   = {ACM Computing Surveys (CSUR)},
  volume    = {28},
  number    = {1},
  pages     = {263--264},
  year      = {1996},
  publisher = {ACM New York, NY, USA}
}

@article{chesseducation,
  title     = {Using Chess Programming in Computer Education.},
  author    = {Gusev, Dmitri A},
  journal   = {Association Supporting Computer Users in Education},
  year      = {2018},
  publisher = {ERIC}
}

@article{chessml,
  title     = {Using reinforcement learning in chess engines},
  author    = {Block, Marco and Bader, Maro and Tapia, Ernesto and Ram{\'\i}rez, Marte and Gunnarsson, Ketill and Cuevas, Erik and Zaldivar, Daniel and Rojas, Ral},
  journal   = {Research in Computing Science},
  volume    = {35},
  pages     = {31--40},
  year      = {2008},
  publisher = {Citeseer}
}

@article{closedtfs,
  title     = {Closed type families with overlapping equations},
  author    = {Eisenberg, Richard A and Vytiniotis, Dimitrios and Peyton Jones, Simon and Weirich, Stephanie},
  journal   = {ACM SIGPLAN Notices},
  volume    = {49},
  number    = {1},
  pages     = {671--683},
  year      = {2014},
  publisher = {ACM New York, NY, USA}
}

@article{cps,
  title     = {Scheme: A interpreter for extended lambda calculus},
  author    = {Sussman, Gerald Jay and Steele, Guy L},
  journal   = {Higher-Order and Symbolic Computation},
  volume    = {11},
  number    = {4},
  pages     = {405--439},
  year      = {1998},
  publisher = {Springer}
}

@inproceedings{decorator,
  author    = {H. {Mu} and S. {Jiang}},
  booktitle = {2011 IEEE 2nd International Conference on Software Engineering and Service Science},
  title     = {Design patterns in software development},
  year      = {2011},
  volume    = {},
  number    = {},
  pages     = {322-325},
  doi       = {10.1109/ICSESS.2011.5982228}
}

@inproceedings{dependentarray,
  title     = {Eliminating array bound checking through dependent types},
  author    = {Xi, Hongwei and Pfenning, Frank},
  booktitle = {Proceedings of the ACM SIGPLAN 1998 conference on Programming language design and implementation},
  pages     = {249--257},
  year      = {1998}
}

@inproceedings{exceptionsusedpoorly,
  title        = {Exception handling: A field study in {J}ava and {.NET}},
  author       = {Cabral, Bruno and Marques, Paulo},
  booktitle    = {European Conference on Object-Oriented Programming},
  pages        = {151--175},
  year         = {2007},
  organization = {Springer}
}

@article{fingertrees,
  title     = {Finger trees: a simple general-purpose data structure},
  author    = {Hinze, Ralf and Paterson, Ross},
  journal   = {Journal of functional programming},
  volume    = {16},
  number    = {2},
  pages     = {197--218},
  year      = {2006},
  publisher = {Cambridge; New York, NY: Cambridge University Press, c1991-}
}

@article{gadts,
  title     = {{S}imple unification-based type inference for {GADTs}},
  author    = {Peyton Jones, Simon and Vytiniotis, Dimitrios and Weirich, Stephanie and Washburn, Geoffrey},
  journal   = {ACM SIGPLAN Notices},
  volume    = {41},
  number    = {9},
  pages     = {50--61},
  year      = {2006},
  publisher = {ACM New York, NY, USA}
}

@inbook{gamepp,
  title     = {Game Programming Patterns},
  author    = {Robert Nystrom},
  year      = 2014,
  publisher = {Genever Benning},
  pages     = {6}
}

@article{hasochism,
  title     = {Hasochism: the pleasure and pain of dependently typed Haskell programming},
  author    = {Lindley, Sam and McBride, Conor},
  journal   = {ACM SIGPLAN Notices},
  volume    = {48},
  number    = {12},
  pages     = {81--92},
  year      = {2013},
  publisher = {ACM New York, NY, USA}
}

@article{hspec,
  title  = {Behavior-Driven Development in {H}askell},
  author = {Hengel, Simon}
}

@misc{idrisnqueens,
  title  = {Embedded Domain Specific Languages in Idris},
  author = {Edwin Brady},
  year   = 2015,
  note   = {\url{https://www.cs.ox.ac.uk/projects/utgp/school/idris-tutorial.pdf}, pg. 51}
}

@article{mezzo,
  title  = {Well-typed music does not sound wrong},
  author = {Dmitrij Szamozvancev},
  year   = {2017}
}

@inproceedings{mezzohaskellsymposium,
  title     = {Well-typed music does not sound wrong (experience report)},
  author    = {Szamozvancev, Dmitrij and Gale, Michael B},
  booktitle = {Proceedings of the 10th ACM SIGPLAN International Symposium on {H}askell},
  pages     = {99--104},
  year      = {2017}
}

@article{nqueensnp,
  title   = {Complexity of n-queens completion},
  author  = {Gent, Ian P and Jefferson, Christopher and Nightingale, Peter},
  journal = {Journal of Artificial Intelligence Research},
  volume  = {59},
  pages   = {815--848},
  year    = {2017}
}

@article{opentfs,
  title     = {Towards open type functions for {H}askell},
  author    = {Schrijvers, Tom and Sulzmann, Martin and Peyton Jones, Simon and Chakravarty, Manuel},
  journal   = {Implementation and Application of Functional Languages},
  number    = {12},
  pages     = {233--251},
  year      = {2007},
  publisher = {Computing Laboratory, University of Kent; Canterbury, UK}
}

@article{searchtables,
  title     = {Search tables in computer chess},
  author    = {Warnock, Tony and Wendroff, Burton},
  journal   = {ICGA Journal},
  volume    = {11},
  number    = {1},
  pages     = {10--13},
  year      = {1988},
  publisher = {IOS Press}
}

@article{singletons,
  title     = {Dependently typed programming with singletons},
  author    = {Eisenberg, Richard A and Weirich, Stephanie},
  journal   = {ACM SIGPLAN Notices},
  volume    = {47},
  number    = {12},
  pages     = {117--130},
  year      = {2012},
  publisher = {ACM New York, NY, USA}
}

@inproceedings{torinosessions,
  title        = {Sessions and session types: An overview},
  author       = {Dezani-Ciancaglini, Mariangiola and De’Liguoro, Ugo},
  booktitle    = {International Workshop on Web Services and Formal Methods},
  pages        = {1--28},
  year         = {2009},
  organization = {Springer}
}

@book{twt,
  title  = {Thinking With Types: Type-Level Programming In {H}askell},
  author = {Sandy Maguire},
  year   = {2018}
}

@inproceedings{typeapplication,
  title        = {Visible type application},
  author       = {Eisenberg, Richard A and Weirich, Stephanie and Ahmed, Hamidhasan G},
  booktitle    = {European Symposium on Programming},
  pages        = {229--254},
  year         = {2016},
  organization = {Springer}
}

@article{washcgi,
  author     = {Thiemann, Peter},
  title      = {An Embedded Domain-Specific Language for Type-Safe Server-Side Web Scripting},
  year       = {2005},
  issue_date = {February 2005},
  publisher  = {Association for Computing Machinery},
  address    = {New York, NY, USA},
  volume     = {5},
  number     = {1},
  issn       = {1533-5399},
  url        = {https://doi.org/10.1145/1052934.1052935},
  doi        = {10.1145/1052934.1052935},
  journal    = {ACM Trans. Internet Technol.},
  month      = feb,
  pages      = {1–46},
  numpages   = {46},
  keywords   = {Web programming, Interactive Web services}
}

@inproceedings{yorgey2012giving,
  title     = {Giving {H}askell a promotion},
  author    = {Yorgey, Brent A and Weirich, Stephanie and Cretin, Julien and Peyton Jones, Simon and Vytiniotis, Dimitrios and Magalh{\~a}es, Jos{\'e} Pedro},
  booktitle = {Proceedings of the 8th ACM SIGPLAN workshop on Types in language design and implementation},
  pages     = {53--66},
  year      = {2012}
}
