@book{twt,
  title  = {Thinking With Types: Type-Level Programming In Haskell},
  author = {Sandy Maguire},
  year   = {2018}
}

@inproceedings{yorgey2012giving,
  title     = {Giving Haskell a promotion},
  author    = {Yorgey, Brent A and Weirich, Stephanie and Cretin, Julien and Peyton Jones, Simon and Vytiniotis, Dimitrios and Magalh{\~a}es, Jos{\'e} Pedro},
  booktitle = {Proceedings of the 8th ACM SIGPLAN workshop on Types in language design and implementation},
  pages     = {53--66},
  year      = {2012}
}

@inbook{gamepp,
  title     = {Game Programming Patterns},
  author    = {Robert Nystrom},
  year      = 2014,
  publisher = {Genever Benning},
  pages     = {6}
}

@misc{idrisnqueens,
  url = {https://www.cs.ox.ac.uk/projects/utgp/school/idris-tutorial.pdf}
}